% !TEX encoding = UTF-8
@online{1wire,
  title   = {Analog Devices - 1-Wire},
  url     = {https://www.analog.com/en/technical-articles/1wire-communication-through-software.html},
  urldate = {2023-06-30}
}

@onile{buck,
  title   = {Buck Converter Schematik(Bild)},
  url     = {https://en.wikipedia.org/wiki/Buck_converter#/media/File:Buck_operating.svg},
  urldate = {2023-08-16}
}

@online{buck2,
  title   = {Buck Converter Spannungsverlauv(Bild)},
  url     = {https://de.wikipedia.org/wiki/Abw%C3%A4rtswandler#/media/Datei:Tiefsetzsteller_Funktion.png},
  urldate = {2023-08-16}
}

@online{iButton,
  title   = {Analog Devices - iButton},
  url     = {https://www.analog.com/media/en/technical-documentation/tech-articles/what-is-an-ibutton-device.pdf},
  urldate = {2023-06-29}
}

@online{iButtonPic,
  title   = {Typische iButton Geräte},
  url     = {https://www.prodongle.ch/images/products/product-ibutton.jpg},
  urldate = {2023-07-03}
}

@online{rs232,
  title   = {Sprut - RS-232},
  url     = {https://www.sprut.de/electronic/interfaces/rs232/rs232.htm},
  urldate = {2023-06-30}
}

@online{ser-example,
  title   = {Serielle Datenübertragung Beispiel (Bild)},
  url     = {http://2016embedded.blogspot.com/2016/03/rs232-protocol.html},
  urldate = {2023-06-30}
}

@online{ser-vs-par,
  title   = {Parrallel vs Serielle Datenübertragung (Bild)},
  url     = {https://upload.wikimedia.org/wikipedia/commons/thumb/9/9d/Serial_and_Parallel_Data_Transmission.svg/langde-220px-Serial_and_Parallel_Data_Transmission.svg.png},
  urldate = {2023-06-30}
}

@online{seriell,
  title   = {Samson - Serielle Datenübertragung},
  url     = {https://www.samsongroup.com/document/l153de.pdf},
  urldate = {2023-06-30}
}

@book{testBuch1,
  author = {Maximilian Knopf},
  title  = {Testbuch für die Literaturverzeichniserstellung},
  date   = {2022-04}
}

@online{usb,
  title   = {USB (Bild)},
  url     = {https://i.ytimg.com/vi/0yA2Rtjb3b4/maxresdefault.jpg},
  urldate = {2023-08-16}
}

@online{sepic,
  title   = {SEPIC Converter - Texas Instruments},
  url     = {https://www.ti.com/lit/an/slyt309/slyt309.pdf},
  urldate = {2023-08-21}
}

@online{microcontroller,
  title   = {Zeptobars - Microcontroller (Bild)},
  url     = {http://zeptobars.com/en/read/how-to-open-microchip-asic-what-inside},
  urldate = {2023-08-22}
}

@book{Bähring2010,
  author    = {Bähring, Helmut},
  year      = {2010},
  title     = {Anwendungsorientierte Mikroprozessoren - Mikrocontroller und Digitale Signalprozessoren},
  edition   = {},
  isbn      = {978-3-642-12292-7},
  publisher = {Springer-Verlag},
  address   = {Berlin Heidelberg New York}
}

@book{Lienig2020,
  author    = {Lienig Jens, Scheible Jürgen},
  year      = {2020},
  title     = {Grundlagen des Layoutentwurfs elektronischer Schaltungen},
  edition   = {},
  isbn      = {978-3-031-15767-7},
  publisher = {Springer-Verlag},
  address   = {Berlin Heidelberg New York}
}

@book{Schlienz2020,
  author    = {Schlienz, Ulrich},
  year      = {2020},
  title     = {Schaltnetzteile und ihre Peripherie - Dimensionierung, Einsatz, EMV},
  edition   = {},
  isbn      = {978-3-658-29490-8},
  publisher = {Springer-Verlag},
  address   = {Berlin Heidelberg New York}
}

@online{LM5157,
  title   = {LM5157 Datenblatt},
  url     = {https://www.ti.com/lit/ds/symlink/lm5157.pdf},
  urldate = {2023-08-25}
}

@online{drss,
  title   = {Application Note - DRSS - Texas Instruments},
  url     = {https://www.ti.com/lit/an/snva974a/snva974a.pdf},
  urldate = {2023-08-25}
}

@online{comp,
  title   = {Switch-mode power converter compensatin made easy},
  url     = {https://www.ti.com/seclit/ml/slup340/slup340.pdf},
  urldate = {2023-08-25}
}

@online{AP63203WU,
  title   = {Buck Converter Datasheet - Diodes Incorporated},
  url     = {https://www.diodes.com/assets/Datasheets/AP63200-AP63201-AP63203-AP63205.pdf},
  urldate = {2023-08-28}
}

@online{stmcube,
  title   = {STM32CubeMX - STMicroelectronics},
  url     = {https://www.st.com/en/development-tools/stm32cubemx.html},
  urldate = {2023-08-28}
}

@online{stm32,
  title   = {STM32F103C8T6 Datasheet - STMicroelectronics},
  url     = {https://www.st.com/resource/en/datasheet/stm32f103c8.pdf},
  urldate = {2023-08-28}
}

@online{max3221,
  title   = {MAX3221 Datasheet - Texas Instruments},
  url     = {https://www.ti.com/lit/ds/symlink/max3221.pdf},
  urldate = {2023-08-28}
}